<?xml version="1.0" encoding="UTF-8"?>
<record xmlns="http://www.loc.gov/MARC21/slim">
   <leader>02426cam a2200409 a 4500</leader>
   <controlfield tag="001">4251071</controlfield>
   <controlfield tag="003">NjP</controlfield>
   <controlfield tag="005">20190705145022.0</controlfield>
   <controlfield tag="008">041006m19849999ir            000 0 ara d</controlfield>
   <datafield tag="024" ind1="7" ind2=" ">
      <subfield code="a">princeton_aco004342</subfield>
      <subfield code="2">local</subfield>
   </datafield>
   <datafield ind1=" " ind2=" " tag="040">
      <subfield code="a">NjP</subfield>
      <subfield code="c">PUL</subfield>
      <subfield code="d">PUL</subfield>
   </datafield>
   <datafield ind1=" " ind2=" " tag="035">
      <subfield code="a">(NjP)4251071</subfield>
   </datafield>
   <datafield ind1=" " ind2=" " tag="049">
      <subfield code="a">PULL</subfield>
   </datafield>
   <datafield ind1=" " ind2=" " tag="035">
      <subfield code="a">(OCoLC)ocm57525217</subfield>
   </datafield>
   <datafield ind1="1" ind2=" " tag="100">
      <subfield code="6">880-01</subfield>
      <subfield code="a">Muḥaqqiq al-Ṭihrānī, Muḥammad Riḍā.</subfield>
   </datafield>
   <datafield ind1="1" ind2="0" tag="240">
      <subfield code="6">880-02</subfield>
      <subfield code="a">Kitāb al-Ḥajj min Khulāṣat al-ḥaqāʼiq fī sharḥ Sharāʼiʻ al-Islām</subfield>
   </datafield>
   <datafield ind1="1" ind2="3" tag="245">
      <subfield code="6">880-03</subfield>
      <subfield code="a">al-Mujallad al-thānī min Kitāb al-Ḥajj min Khulāṣat al-ḥaqāʼiq fī sharḥ Sharāʼiʻ al-Islām /</subfield>
      <subfield code="c">taṣnīf Muḥammad Riḍā al-mushtahar bi-al-Muḥaqqiq al-Ṭihrānī.</subfield>
   </datafield>
   <datafield ind1="3" ind2="0" tag="246">
      <subfield code="6">880-04</subfield>
      <subfield code="a">Kitāb al-Ḥajj min Khulāṣat al-ḥaqāʼiq fī sharḥ Sharāʼiʻ al-Islām</subfield>
   </datafield>
   <datafield ind1="3" ind2="0" tag="246">
      <subfield code="6">880-05</subfield>
      <subfield code="a">Khulāṣt al-ḥaqāʼiq</subfield>
   </datafield>
   <datafield ind1=" " ind2=" " tag="250">
      <subfield code="6">880-06</subfield>
      <subfield code="a">al-Ṭabʻah 1.</subfield>
   </datafield>
   <datafield ind1=" " ind2=" " tag="260">
      <subfield code="6">880-07</subfield>
      <subfield code="a">Qum :</subfield>
      <subfield code="b">al-Maṭbaʻah al-ʻIlmīyah,</subfield>
      <subfield code="c">1405- [1984- ]</subfield>
   </datafield>
   <datafield ind1=" " ind2=" " tag="300">
      <subfield code="a">v. ;</subfield>
      <subfield code="c">24 cm.</subfield>
   </datafield>
   <datafield ind1="1" ind2="0" tag="600">
      <subfield code="6">880-08</subfield>
      <subfield code="a">Muḥaqqiq al-Ḥillī, Jaʻfar ibn al-Ḥasan,</subfield>
      <subfield code="d">1205 or 1206-1277.</subfield>
      <subfield code="t">Sharāʼiʻ al-Islām.</subfield>
      <subfield code="0">http://id.loc.gov/authorities/names/n96066652</subfield>
   </datafield>
   <datafield ind1=" " ind2="0" tag="650">
      <subfield code="a">Muslim pilgrims and pilgrimages</subfield>
      <subfield code="z">Saudi Arabia</subfield>
      <subfield code="z">Mecca.</subfield>
      <subfield code="0">http://id.loc.gov/authorities/subjects/sh85089072</subfield>
   </datafield>
   <datafield ind1=" " ind2="0" tag="650">
      <subfield code="a">Islamic law</subfield>
      <subfield code="x">Interpretation and construction.</subfield>
      <subfield code="0">http://id.loc.gov/authorities/subjects/sh85068455</subfield>
   </datafield>
   <datafield ind1=" " ind2="0" tag="650">
      <subfield code="6">880-09</subfield>
      <subfield code="a">Shīʻah.</subfield>
      <subfield code="0">http://id.loc.gov/authorities/subjects/sh85121390</subfield>
   </datafield>
   <datafield ind1="1" ind2=" " tag="880">
      <subfield code="6">100-01/r</subfield>
      <subfield code="a">محقق الطهراني، محمد رضا.</subfield>
   </datafield>
   <datafield ind1="1" ind2="0" tag="880">
      <subfield code="6">240-02/r</subfield>
      <subfield code="a">كتاب الحج من خلاصة الحقائق في شرح شرائع الاسلام</subfield>
   </datafield>
   <datafield ind1="1" ind2="2" tag="880">
      <subfield code="6">245-03/r</subfield>
      <subfield code="a">المجلد الثاني من كتاب الحج من خلاصة الحقائق في شرح شرائع الاسلام /</subfield>
      <subfield code="c">تصنيف محمد رضا المشتهر بالمحقق الطهراني.</subfield>
   </datafield>
   <datafield ind1="3" ind2="0" tag="880">
      <subfield code="6">246-04/r</subfield>
      <subfield code="a">كتاب الحج من خلاصة الحقائق في شرح شرائع الاسلام</subfield>
   </datafield>
   <datafield ind1="3" ind2="0" tag="880">
      <subfield code="6">246-05/r</subfield>
      <subfield code="a">خلاصت الحقائق</subfield>
   </datafield>
   <datafield ind1=" " ind2=" " tag="880">
      <subfield code="6">250-06/r</subfield>
      <subfield code="a">الطبعة 1.</subfield>
   </datafield>
   <datafield ind1=" " ind2=" " tag="880">
      <subfield code="6">260-07/r</subfield>
      <subfield code="a">قم :</subfield>
      <subfield code="b">المطبعة العلمية،</subfield>
      <subfield code="c">1405- [1984- ]</subfield>
   </datafield>
   <datafield ind1="1" ind2="4" tag="880">
      <subfield code="6">600-08/r</subfield>
      <subfield code="a">محقق الحلي، جعفر بن الحسن،</subfield>
      <subfield code="d">1205 or 1206-1277.</subfield>
      <subfield code="t">شرائع الاسلام.</subfield>
   </datafield>
   <datafield ind1=" " ind2="0" tag="880">
      <subfield code="6">650-09/r</subfield>
      <subfield code="a">شيعة.</subfield>
   </datafield>
   <datafield ind1=" " ind2=" " tag="904">
      <subfield code="a">mnc</subfield>
      <subfield code="b">a</subfield>
      <subfield code="h">n</subfield>
      <subfield code="c">t</subfield>
      <subfield code="e">20041006</subfield>
   </datafield>
   <datafield ind1=" " ind2=" " tag="994">
      <subfield code="a">C0</subfield>
      <subfield code="b">PUL</subfield>
   </datafield>
   <datafield ind1=" " ind2=" " tag="999">
      <subfield code="a">4251071</subfield>
   </datafield>
   <datafield ind1=" " ind2=" " tag="979">
      <subfield code="a">(OCoLC)ocn178598604</subfield>
   </datafield>
   <datafield ind1="8" ind2=" " tag="852">
      <subfield code="0">4512192</subfield>
      <subfield code="b">rcppa</subfield>
      <subfield code="h">2271.3553.827 1984</subfield>
      <subfield code="x">tr fr f</subfield>
   </datafield>
   <datafield ind1=" " ind2="0" tag="866">
      <subfield code="0">4512192</subfield>
      <subfield code="a">al-Mujjalad 2</subfield>
   </datafield>
   <datafield ind1=" " ind2="0" tag="866">
      <subfield code="0">4512192</subfield>
      <subfield code="x">DESIGNATOR: al-mujallad</subfield>
   </datafield>
   <datafield ind1=" " ind2=" " tag="959">
      <subfield code="a">2004-10-06 15:18:03 -0500</subfield>
   </datafield>
</record>
